@inproceedings{eco-dqn,
  doi = {10.48550/ARXIV.1909.04063}, 
  url = {https://arxiv.org/abs/1909.04063},  
  author = {Barrett, Thomas D. and Clements, William R. and Foerster, Jakob N. and Lvovsky, A. I.}, 
  keywords = {Machine Learning (cs.LG), Artificial Intelligence (cs.AI), Machine Learning (stat.ML), FOS: Computer and information sciences, FOS: Computer and information sciences},
  booktitle = {Proceedings of the Thirty-fourth AAAI conference on Artificial Intelligence},
  title = {Exploratory Combinatorial Optimization with Reinforcement Learning},
  publisher = {arXiv},
  year = {2019},
  copyright = {arXiv.org perpetual, non-exclusive license}
}

@article{erdos,
  title={On the evolution of random graphs},
  author={Erd{\H{o}}s, Paul and R{\'e}nyi, Alfr{\'e}d and others},
  journal={Publ. Math. Inst. Hung. Acad. Sci},
  volume={5},
  number={1},
  pages={17--60},
  year={1960}
}

@article{albert,
	doi = {10.1103/revmodphys.74.47},
	url = {https://doi.org/10.1103%2Frevmodphys.74.47},
	year = 2002,
	month = {jan},
	publisher = {American Physical Society ({APS})},
	volume = {74},
	number = {1},
	pages = {47--97},
	author = {R{\'{e}}ka Albert and Albert-L{\'{a}}szl{\'{o}} Barab{\'{a}}si},
	title = {Statistical mechanics of complex networks},
	journal = {Reviews of Modern Physics}
}